@online{ghostcellpattern,
    title="Ghost Cell Pattern",
    author="Fredrik Berg Kjolstad, Marc Snir",
}

@book{openaccbestpractices,
    title="OpenACC Programming and Best Practises Guide",
    url="openacc-standard.org",
    author="OpenACC",
}

@online{nfs,
    title="NFS",
    url="https://en.wikipedia.org/wiki/Network_File_System",
}
