@online{ghostcellpattern,
    title="Ghost Cell Pattern",
    author="Fredrik Berg Kjolstad, Marc Snir",
}
